@article{kiselyov2013extensible,
  author = {Kiselyov, Oleg and Sabry, Amr and Swords, Cameron},
  title = {Extensible Effects: An Alternative to Monad Transformers},
  journal = {SIGPLAN Not.},
  issue_date = {December 2013},
  volume = {48},
  number = {12},
  month = sep,
  year = {2013},
  issn = {0362-1340},
  pages = {59--70},
  numpages = {12},
  url = {http://doi.acm.org/10.1145/2578854.2503791},
  doi = {10.1145/2578854.2503791},
  acmid = {2503791},
  publisher = {ACM},
  address = {New York, NY, USA},
  keywords = {coroutine, effect handler, effect interaction, monad, monad transformer, open union, type and effect system},
}
@article{kindsWikipedia,
  author = {Wikipedia},
  title = {Kind (type theory)},
  url = {https://en.wikipedia.org/wiki/Kind_%28type_theory%29},
  urldate = {2016-09-25},
}
@article{unicodeCats,
  author = {FileFormat.info},
  title = {Unicode Categories},
  url = {http://www.fileformat.info/info/unicode/category/index.htm},
  urldate = {2016-09-25},
}
@article{unicodeData,
  author = {Unicode Consortium},
  title = {Unicode Data},
  url = {http://www.unicode.org/Public/UNIDATA/UnicodeData.txt},
  urldate = {2016-10-05},
}
@article{lispCond,
  author = {Lispworks},
  title = {Lisp cond Macro documentation},
  url = {http://www.lispworks.com/documentation/HyperSpec/Body/m_cond.htm#cond},
  urldate = {2016-09-28},
}
@article{funcDeps,
  author = {Haskell Wiki},
  title = {Functional Dependencies},
  url = {https://wiki.haskell.org/Functional_dependencies},
  urldate = {2016-09-20},
}
@article{typeFams,
  author = {Haskell Wiki},
  title = {Type families},
  url = {https://wiki.haskell.org/Type_families},
  urldate = {2016-10-13},
}